
@misc{afaneh_ultimate_2018,
	title = {The {Ultimate} {Bluetooth} {Mesh} {Tutorial} ({Part} 1)},
	url = {https://www.novelbits.io/bluetooth-mesh-tutorial-part-1/},
	abstract = {Bluetooth has been around for a while. In fact, it recently celebrated its 20th year anniversary! The introduction of the Bluetooth Low Energy (BLE) standard came in 2010 to address the rapid growth of use cases in the Internet of Things (IoT) field including sensors, wearables, medical devices, etc. However, one thing that BLE lacked…},
	language = {en-US},
	urldate = {2019-09-30},
	journal = {Novel Bits},
	author = {Afaneh, Mohammad},
	month = sep,
	year = {2018},
	file = {Snapshot:C\:\\Users\\cyril\\Zotero\\storage\\KESHJPW5\\bluetooth-mesh-tutorial-part-1.html:text/html}
}

@misc{woolley_intro_2017,
	title = {An {Intro} to {Bluetooth} {Mesh} {Part} 1},
	url = {https://www.bluetooth.com/blog/an-intro-to-bluetooth-mesh-part1/},
	abstract = {Bluetooth® technology is one of the world’s best known brands and one of the most ubiquitous wireless communications technologies on the planet. It’s been in existence since 2000 and has found its way…},
	language = {en-US},
	urldate = {2019-09-30},
	journal = {Bluetooth Technology Website},
	author = {Woolley, Martin},
	month = jul,
	year = {2017},
	file = {Snapshot:C\:\\Users\\cyril\\Zotero\\storage\\IS4EYYBW\\an-intro-to-bluetooth-mesh-part1.html:text/html}
}

@misc{bluetooth_sig_our_2019,
	type = {Bluetooth},
	title = {Our {History}},
	url = {https://www.bluetooth.com/about-us/our-history/},
	abstract = {The history of the Bluetooth SIG Bluetooth celebrates 20 years of innovation! Membership at the SIG hits 35,000 companies Bose and Cypress Semiconductor join the SIG Board of Directors The SIG…},
	language = {en-US},
	urldate = {2019-09-30},
	journal = {Bluetooth Technology Website},
	author = {{Bluetooth SIG}},
	month = jan,
	year = {2019},
	file = {Snapshot:C\:\\Users\\cyril\\Zotero\\storage\\JMJ8VPD8\\our-history.html:text/html}
}

@misc{michna_entwicklungsgeschichte_2019,
	title = {Entwicklungsgeschichte der {Bluetooth}-{Technologie} {\textbar} {Wissen}},
	url = {https://www.bluetoothtest.de/wissen/geschichte/},
	abstract = {Bluetooth Wissen - Wer hat Bluetooth erfunden und entwickelt? Etwa Harald Blauzahn? Und wann? Warum heißt Bluetooth Blauzahn?},
	language = {de},
	urldate = {2019-09-30},
	journal = {Bluetooth Test},
	author = {Michna, Kamil},
	month = jan,
	year = {2019},
	file = {Snapshot:C\:\\Users\\cyril\\Zotero\\storage\\MTZDYPB2\\geschichte.html:text/html}
}

@misc{rouse_was_2015,
	title = {Was ist {Mesh}-{Netzwerk} ? - {Definition} von {WhatIs}.com},
	shorttitle = {Was ist {Mesh}-{Netzwerk} ?},
	url = {https://www.computerweekly.com/de/definition/Mesh-Netzwerk},
	abstract = {Eine MeshNetzwerkTopologie MaschenNetzwerk ist ein dezentralisiertes Netzwerkdesign bei dem jeder Node oder Knotenpunkt in einem Netzwerk mit mindestens...},
	language = {de},
	urldate = {2019-09-30},
	journal = {ComputerWeekly.de},
	author = {Rouse, Margaret},
	month = feb,
	year = {2015},
	file = {Snapshot:C\:\\Users\\cyril\\Zotero\\storage\\WL853EBK\\Mesh-Netzwerk.html:text/html}
}

@misc{nordic_semiconductor_nrf52840_2019,
	title = {{nRF}52840 - {Nordic} {Semiconductor}},
	url = {https://www.nordicsemi.com/en/Products/Low%20power%20short-range%20wireless/nRF52840},
	abstract = {nRF52840 - Advanced Bluetooth 5, Thread and Zigbee multiprotocol SoC},
	language = {en},
	urldate = {2019-10-02},
	journal = {Nordic Semiconductor},
	author = {{Nordic Semiconductor}},
	month = jan,
	year = {2019},
	file = {Snapshot:C\:\\Users\\cyril\\Zotero\\storage\\ZWXUHW5F\\nRF52840.html:text/html}
}

@misc{jaeger_was_2018,
	title = {Was ist die {GPL}? {\textbar} {ifrOSS}},
	url = {https://www.ifross.org/was-gpl},
	abstract = {Short description about GPL license},
	language = {de},
	urldate = {2019-10-05},
	journal = {ifrOSS},
	author = {Jaeger, Till and Metzger, Axel and Koglin, Olaf and Kreutzer, Till and Labesius, Stefan and Jansen, Dennis},
	month = jan,
	year = {2018},
	file = {Was ist die GPL? | ifrOSS:C\:\\Users\\cyril\\Zotero\\storage\\T6D6FHKB\\was-gpl.html:text/html}
}

@misc{nordic_semiconductor_nrf5_2019,
	title = {{nRF}5 {SDK} for {Mesh}},
	url = {https://www.nordicsemi.com/en/Software%20and%20Tools/Software/nRF5%20SDK%20for%20Mesh},
	abstract = {The nRF5 SDK for mesh is ideal for developing applications that use Bluetooth mesh networks . It is a richly featured SDK for building sophisticated solutions with Bluetooth mesh.},
	language = {en},
	urldate = {2019-10-05},
	journal = {Nordic Semiconductor},
	author = {{Nordic Semiconductor}},
	month = jan,
	year = {2019},
	file = {Snapshot:C\:\\Users\\cyril\\Zotero\\storage\\JFVG682M\\nRF5-SDK-for-Mesh.html:text/html}
}

@misc{nordic_semiconductor_nrf5_2019-1,
	title = {{nRF}5 {SDK}},
	url = {https://www.nordicsemi.com/en/Software%20and%20Tools/Software/nRF5%20SDK},
	abstract = {The Bluetooth and ANT software development kit},
	language = {en},
	urldate = {2019-10-05},
	journal = {Nordic Semiconductor},
	author = {{Nordic Semiconductor}},
	month = jan,
	year = {2019},
	file = {Snapshot:C\:\\Users\\cyril\\Zotero\\storage\\PCT2NNGP\\nRF5-SDK.html:text/html}
}